<srw:searchRetrieveResponse xmlns:srw="http://www.loc.gov/zing/srw/" xmlns="http://catalogue.bnf.fr/namespaces/InterXMarc" xmlns:ixm="http://catalogue.bnf.fr/namespaces/InterXMarc" xmlns:mn="http://catalogue.bnf.fr/namespaces/motsnotices" xmlns:sd="http://www.loc.gov/zing/srw/diagnostic/">
	<srw:version>1.2</srw:version>
	<srw:echoedSearchRetrieveRequest>
		<srw:version>1.2</srw:version>
		<srw:query>bib.author all "narnia" and bib.title all "narnia"</srw:query>
	</srw:echoedSearchRetrieveRequest>
	<srw:numberOfRecords>4</srw:numberOfRecords>
	<srw:records>
		<srw:record>
			<srw:recordSchema>marcxchange</srw:recordSchema>
			<srw:recordPacking>xml</srw:recordPacking>
			<srw:recordData>
				<mxc:record xmlns:mxc="info:lc/xmlns/marcxchange-v2" format="UNIMARC" id="ark:/12148/cb43393050j" type="Bibliographic">
					<mxc:leader>     cam  22     3  450 </mxc:leader>
					<mxc:controlfield tag="001">FRBNF433930500000006</mxc:controlfield>
					<mxc:controlfield tag="003">http://catalogue.bnf.fr/ark:/12148/cb43393050j</mxc:controlfield>
					<mxc:datafield tag="010" ind1=" " ind2=" ">
						<mxc:subfield code="a">0-7879-7890-6</mxc:subfield>
					</mxc:datafield>
					<mxc:datafield tag="010" ind1=" " ind2=" ">
						<mxc:subfield code="a">978-0-7879-7890-7</mxc:subfield>
						<mxc:subfield code="b">rel.</mxc:subfield>
					</mxc:datafield>
					<mxc:datafield tag="039" ind1=" " ind2=" ">
						<mxc:subfield code="o">ALS</mxc:subfield>
						<mxc:subfield code="a">0911631</mxc:subfield>
					</mxc:datafield>
					<mxc:datafield tag="100" ind1=" " ind2=" ">
						<mxc:subfield code="a">20062207d2005    m  y0frey50      ba</mxc:subfield>
					</mxc:datafield>
					<mxc:datafield tag="101" ind1="0" ind2=" ">
						<mxc:subfield code="a">eng</mxc:subfield>
					</mxc:datafield>
					<mxc:datafield tag="102" ind1=" " ind2=" ">
						<mxc:subfield code="a">US</mxc:subfield>
					</mxc:datafield>
					<mxc:datafield tag="105" ind1=" " ind2=" ">
						<mxc:subfield code="a">||||z   00|||</mxc:subfield>
					</mxc:datafield>
					<mxc:datafield tag="106" ind1=" " ind2=" ">
						<mxc:subfield code="a">r</mxc:subfield>
					</mxc:datafield>
					<mxc:datafield tag="181" ind1=" " ind2="0">
						<mxc:subfield code="6">01</mxc:subfield>
						<mxc:subfield code="a">i </mxc:subfield>
						<mxc:subfield code="b">xxxe  </mxc:subfield>
					</mxc:datafield>
					<mxc:datafield tag="181" ind1=" " ind2=" ">
						<mxc:subfield code="6">02</mxc:subfield>
						<mxc:subfield code="c">txt</mxc:subfield>
						<mxc:subfield code="2">rdacontent</mxc:subfield>
					</mxc:datafield>
					<mxc:datafield tag="182" ind1=" " ind2="0">
						<mxc:subfield code="6">01</mxc:subfield>
						<mxc:subfield code="a">n</mxc:subfield>
					</mxc:datafield>
					<mxc:datafield tag="182" ind1=" " ind2=" ">
						<mxc:subfield code="6">02</mxc:subfield>
						<mxc:subfield code="c">n</mxc:subfield>
						<mxc:subfield code="2">rdamedia</mxc:subfield>
					</mxc:datafield>
					<mxc:datafield tag="200" ind1="1" ind2=" ">
						<mxc:subfield code="a">Into the wardrobe</mxc:subfield>
						<mxc:subfield code="b">Texte imprimé</mxc:subfield>
						<mxc:subfield code="e">C. S. Lewis and the Narnia chronicles</mxc:subfield>
						<mxc:subfield code="f">David C. Downing</mxc:subfield>
					</mxc:datafield>
					<mxc:datafield tag="210" ind1=" " ind2=" ">
						<mxc:subfield code="a">San Francisco</mxc:subfield>
						<mxc:subfield code="c">Jossey-Bass</mxc:subfield>
						<mxc:subfield code="d">c2005</mxc:subfield>
					</mxc:datafield>
					<mxc:datafield tag="215" ind1=" " ind2=" ">
						<mxc:subfield code="a">xvii-238 p.</mxc:subfield>
						<mxc:subfield code="d">23 cm</mxc:subfield>
					</mxc:datafield>
					<mxc:datafield tag="300" ind1=" " ind2=" ">
						<mxc:subfield code="a">Includes bibliographical references (p. 195-206) and index.</mxc:subfield>
					</mxc:datafield>
					<mxc:datafield tag="327" ind1="1" ind2=" ">
						<mxc:subfield code="a">The life of C.S. Lewis -- The genesis of Narnia -- The spiritual vision of the Narnia chronicles -- Moral psychology -- Classical and medieval elements -- What's in a Narnian name? -- Lewis's literary artistry.</mxc:subfield>
					</mxc:datafield>
					<mxc:datafield tag="604" ind1=" " ind2=" ">
						<mxc:subfield code="3">11946697</mxc:subfield>
						<mxc:subfield code="a">Lewis</mxc:subfield>
						<mxc:subfield code="b">Clive Staples</mxc:subfield>
						<mxc:subfield code="f">1898-1963</mxc:subfield>
						<mxc:subfield code="t">The chronicles of Narnia</mxc:subfield>
						<mxc:subfield code="2">rameau</mxc:subfield>
					</mxc:datafield>
					<mxc:datafield tag="608" ind1=" " ind2=" ">
						<mxc:subfield code="a">Ouvrages de référence</mxc:subfield>
						<mxc:subfield code="2">CNLJ</mxc:subfield>
						<mxc:subfield code="k">Avis critique donné par le Centre national de la littérature pour la jeunesse</mxc:subfield>
					</mxc:datafield>
					<mxc:datafield tag="610" ind1="0" ind2=" ">
						<mxc:subfield code="a">Lewis, C. S. (1898-1963.)</mxc:subfield>
					</mxc:datafield>
					<mxc:datafield tag="610" ind1="0" ind2=" ">
						<mxc:subfield code="a">Children's stories, English -- History and criticism.</mxc:subfield>
					</mxc:datafield>
					<mxc:datafield tag="610" ind1="0" ind2=" ">
						<mxc:subfield code="a">Christian fiction, English -- History and criticism.</mxc:subfield>
					</mxc:datafield>
					<mxc:datafield tag="610" ind1="0" ind2=" ">
						<mxc:subfield code="a">Fantasy fiction, English -- History and criticism.</mxc:subfield>
					</mxc:datafield>
					<mxc:datafield tag="610" ind1="0" ind2=" ">
						<mxc:subfield code="a">Narnia (Imaginary place</mxc:subfield>
					</mxc:datafield>
					<mxc:datafield tag="700" ind1=" " ind2="|">
						<mxc:subfield code="3">12396495</mxc:subfield>
						<mxc:subfield code="o">ISNI0000000110378072</mxc:subfield>
						<mxc:subfield code="a">Downing</mxc:subfield>
						<mxc:subfield code="b">David C.</mxc:subfield>
						<mxc:subfield code="f">1951-....</mxc:subfield>
						<mxc:subfield code="4">070</mxc:subfield>
					</mxc:datafield>
					<mxc:datafield tag="801" ind1=" " ind2="0">
						<mxc:subfield code="a">FR</mxc:subfield>
						<mxc:subfield code="b">FR-751131015</mxc:subfield>
						<mxc:subfield code="c">20062207</mxc:subfield>
						<mxc:subfield code="g">AFNOR</mxc:subfield>
						<mxc:subfield code="h">FRBNF433930500000006</mxc:subfield>
						<mxc:subfield code="2">intermrc</mxc:subfield>
					</mxc:datafield>
					<mxc:datafield tag="930" ind1=" " ind2=" ">
						<mxc:subfield code="5">FR-751131010:43393050001001</mxc:subfield>
						<mxc:subfield code="a">2017-86218</mxc:subfield>
						<mxc:subfield code="b">759999999</mxc:subfield>
						<mxc:subfield code="c">Tolbiac - Rez de Jardin - Littérature et art - Magasin</mxc:subfield>
						<mxc:subfield code="d">O</mxc:subfield>
					</mxc:datafield>
				</mxc:record>
			</srw:recordData>
			<srw:recordIdentifier>ark:/12148/cb43393050j</srw:recordIdentifier>
			<srw:recordPosition>1</srw:recordPosition>
			<srw:extraRecordData>
				<ixm:attr name="CreationDate">20140818</ixm:attr>
				<ixm:attr name="LastModificationDate">20170629</ixm:attr>
				<mn:score>14.843345</mn:score>
			</srw:extraRecordData>
		</srw:record>