
		<srw:record>
			<srw:recordSchema>marcxchange</srw:recordSchema>
			<srw:recordPacking>xml</srw:recordPacking>
			<srw:recordData>
				<mxc:record xmlns:mxc="info:lc/xmlns/marcxchange-v2" format="UNIMARC" id="ark:/12148/cb43393051w" type="Bibliographic">
					<mxc:leader>     nam  22        450 </mxc:leader>
					<mxc:controlfield tag="001">FRBNF433930510000003</mxc:controlfield>
					<mxc:controlfield tag="003">http://catalogue.bnf.fr/ark:/12148/cb43393051w</mxc:controlfield>
					<mxc:datafield tag="010" ind1=" " ind2=" ">
						<mxc:subfield code="a">2005017899</mxc:subfield>
						<mxc:subfield code="d">11,24 Eur</mxc:subfield>
					</mxc:datafield>
					<mxc:datafield tag="010" ind1=" " ind2=" ">
						<mxc:subfield code="a">1932100636 (pbk.</mxc:subfield>
					</mxc:datafield>
					<mxc:datafield tag="010" ind1=" " ind2=" ">
						<mxc:subfield code="a">978-1-932100-63-1</mxc:subfield>
					</mxc:datafield>
					<mxc:datafield tag="039" ind1=" " ind2=" ">
						<mxc:subfield code="o">ALS</mxc:subfield>
						<mxc:subfield code="a">0911636</mxc:subfield>
					</mxc:datafield>
					<mxc:datafield tag="100" ind1=" " ind2=" ">
						<mxc:subfield code="a">20062207d2005    m  y0engy50      ba</mxc:subfield>
					</mxc:datafield>
					<mxc:datafield tag="101" ind1="0" ind2=" ">
						<mxc:subfield code="a">zxx</mxc:subfield>
					</mxc:datafield>
					<mxc:datafield tag="102" ind1=" " ind2=" ">
						<mxc:subfield code="a">XX</mxc:subfield>
					</mxc:datafield>
					<mxc:datafield tag="105" ind1=" " ind2=" ">
						<mxc:subfield code="a">||||z   00|||</mxc:subfield>
					</mxc:datafield>
					<mxc:datafield tag="106" ind1=" " ind2=" ">
						<mxc:subfield code="a">r</mxc:subfield>
					</mxc:datafield>
					<mxc:datafield tag="181" ind1=" " ind2="0">
						<mxc:subfield code="6">01</mxc:subfield>
						<mxc:subfield code="a">i </mxc:subfield>
						<mxc:subfield code="b">xxxe  </mxc:subfield>
					</mxc:datafield>
					<mxc:datafield tag="181" ind1=" " ind2=" ">
						<mxc:subfield code="6">02</mxc:subfield>
						<mxc:subfield code="c">txt</mxc:subfield>
						<mxc:subfield code="2">rdacontent</mxc:subfield>
					</mxc:datafield>
					<mxc:datafield tag="182" ind1=" " ind2="0">
						<mxc:subfield code="6">01</mxc:subfield>
						<mxc:subfield code="a">n</mxc:subfield>
					</mxc:datafield>
					<mxc:datafield tag="182" ind1=" " ind2=" ">
						<mxc:subfield code="6">02</mxc:subfield>
						<mxc:subfield code="c">n</mxc:subfield>
						<mxc:subfield code="2">rdamedia</mxc:subfield>
					</mxc:datafield>
					<mxc:datafield tag="200" ind1="1" ind2=" ">
						<mxc:subfield code="a">Revisiting Narnia</mxc:subfield>
						<mxc:subfield code="b">Texte imprimé</mxc:subfield>
						<mxc:subfield code="e">fantasy, myth, and religion in C.S. Lewis' chronicles</mxc:subfield>
						<mxc:subfield code="f">edited by Shanna Caughey.</mxc:subfield>
					</mxc:datafield>
					<mxc:datafield tag="210" ind1=" " ind2=" ">
						<mxc:subfield code="a">Dallas, Tex.</mxc:subfield>
						<mxc:subfield code="c">Benbella Books</mxc:subfield>
						<mxc:subfield code="d">c2005.</mxc:subfield>
					</mxc:datafield>
					<mxc:datafield tag="215" ind1=" " ind2=" ">
						<mxc:subfield code="a">x, 310 p.</mxc:subfield>
						<mxc:subfield code="d">23 cm.</mxc:subfield>
					</mxc:datafield>
					<mxc:datafield tag="225" ind1="1" ind2=" ">
						<mxc:subfield code="a">Smart pop series</mxc:subfield>
					</mxc:datafield>
					<mxc:datafield tag="300" ind1=" " ind2=" ">
						<mxc:subfield code="a">Includes bibliographical references.</mxc:subfield>
					</mxc:datafield>
					<mxc:datafield tag="327" ind1="1" ind2=" ">
						<mxc:subfield code="a">The silver chair and the silver screen / Charlie W. Starr -- On the origins of evil / Lawrence Watt-Evans -- Elusive prey / Natasha Giardina -- God in the details / Naomi Wood -- Coming of age in Narnia / Sam McBride -- The chronicles of Narnia : for adults only? / Martha C. Sammons -- Believing Narnia / James Como -- The "correct" order for reading The chronicles of Narnia? / Peter J. Schakel -- The chronicles of Narnia : where to start / Wesley A. Kort -- Narnia and Middle Earth / Joseph Pearce -- Aslan is on the move / Russell W. Dalton -- The beginning of the real story / James V. Schall -- Heathen eye for the Christian guy / Jacqueline Carey -- Would the modern-day C.S. Lewis be a PETA protester? / Ingrid Newkirk -- Greek delight / Nick Mamatas -- Why I love Narnia / Sarah Zettel -- Daughters of Lilith / Cathy McSporran -- The last of the bibliophiles / Peg Aloi -- C.S. Lewis and the problem of religion in science fiction and fantasy / Vox Day -- Redeeming postmodernism / Louis A. Markos -- The horse and his boy: the theology of Bree / David E. Bumbaugh -- A reconstructed image / Mary Frances Zambreno -- A knight in the mud / Marie-Catherine Caillava -- "Most right and proper, I'm sure..." / Sally D. Stabb -- Narnia in the modern world / Colin Duriez.</mxc:subfield>
					</mxc:datafield>
					<mxc:datafield tag="608" ind1=" " ind2=" ">
						<mxc:subfield code="a">Ouvrages de référence</mxc:subfield>
						<mxc:subfield code="2">CNLJ</mxc:subfield>
						<mxc:subfield code="k">Avis critique donné par le Centre national de la littérature pour la jeunesse</mxc:subfield>
					</mxc:datafield>
					<mxc:datafield tag="610" ind1="0" ind2=" ">
						<mxc:subfield code="a">Lewis, C. S. (1898-1963.)</mxc:subfield>
					</mxc:datafield>
					<mxc:datafield tag="610" ind1="0" ind2=" ">
						<mxc:subfield code="a">Children's stories, English -- History and criticism.</mxc:subfield>
					</mxc:datafield>
					<mxc:datafield tag="610" ind1="0" ind2=" ">
						<mxc:subfield code="a">Christian fiction, English -- History and criticism.</mxc:subfield>
					</mxc:datafield>
					<mxc:datafield tag="610" ind1="0" ind2=" ">
						<mxc:subfield code="a">Fantasy fiction, English -- History and criticism.</mxc:subfield>
					</mxc:datafield>
					<mxc:datafield tag="610" ind1="0" ind2=" ">
						<mxc:subfield code="a">Narnia (Imaginary place</mxc:subfield>
					</mxc:datafield>
					<mxc:datafield tag="610" ind1="0" ind2=" ">
						<mxc:subfield code="a">Myth in literature.</mxc:subfield>
					</mxc:datafield>
					<mxc:datafield tag="702" ind1=" " ind2="|">
						<mxc:subfield code="3">16783005</mxc:subfield>
						<mxc:subfield code="a">Caughey</mxc:subfield>
						<mxc:subfield code="b">Shanna.</mxc:subfield>
						<mxc:subfield code="4">570</mxc:subfield>
					</mxc:datafield>
					<mxc:datafield tag="801" ind1=" " ind2="0">
						<mxc:subfield code="c">20062207</mxc:subfield>
					</mxc:datafield>
					<mxc:datafield tag="930" ind1=" " ind2=" ">
						<mxc:subfield code="5">FR-751131010:43393051001001</mxc:subfield>
						<mxc:subfield code="a">2018-150696</mxc:subfield>
						<mxc:subfield code="b">759999999</mxc:subfield>
						<mxc:subfield code="c">Tolbiac - Rez de Jardin - Littérature et art - Magasin</mxc:subfield>
						<mxc:subfield code="d">O</mxc:subfield>
					</mxc:datafield>
				</mxc:record>
			</srw:recordData>
			<srw:recordIdentifier>ark:/12148/cb43393051w</srw:recordIdentifier>
			<srw:recordPosition>2</srw:recordPosition>
			<srw:extraRecordData>
				<ixm:attr name="CreationDate">20140818</ixm:attr>
				<ixm:attr name="LastModificationDate">20140818</ixm:attr>
				<mn:score>14.7538</mn:score>
			</srw:extraRecordData>
		</srw:record>