
		<srw:record>
			<srw:recordSchema>marcxchange</srw:recordSchema>
			<srw:recordPacking>xml</srw:recordPacking>
			<srw:recordData>
				<mxc:record xmlns:mxc="info:lc/xmlns/marcxchange-v2" format="UNIMARC" id="ark:/12148/cb400693581" type="Bibliographic">
					<mxc:leader>     cmm  22        450 </mxc:leader>
					<mxc:controlfield tag="001">FRBNF400693580000003</mxc:controlfield>
					<mxc:controlfield tag="003">http://catalogue.bnf.fr/ark:/12148/cb400693581</mxc:controlfield>
					<mxc:datafield tag="020" ind1=" " ind2=" ">
						<mxc:subfield code="a">FR</mxc:subfield>
						<mxc:subfield code="b">70519628</mxc:subfield>
					</mxc:datafield>
					<mxc:datafield tag="073" ind1=" " ind2="0">
						<mxc:subfield code="a">0094634768122</mxc:subfield>
					</mxc:datafield>
					<mxc:datafield tag="100" ind1=" " ind2=" ">
						<mxc:subfield code="a">20051114d2005    u  y0frey50      ba</mxc:subfield>
					</mxc:datafield>
					<mxc:datafield tag="101" ind1="0" ind2=" ">
						<mxc:subfield code="a">eng</mxc:subfield>
						<mxc:subfield code="g">eng</mxc:subfield>
					</mxc:datafield>
					<mxc:datafield tag="102" ind1=" " ind2=" ">
						<mxc:subfield code="a">FR</mxc:subfield>
					</mxc:datafield>
					<mxc:datafield tag="105" ind1=" " ind2=" ">
						<mxc:subfield code="a">a   z   000y|</mxc:subfield>
					</mxc:datafield>
					<mxc:datafield tag="106" ind1=" " ind2=" ">
						<mxc:subfield code="a">r</mxc:subfield>
					</mxc:datafield>
					<mxc:datafield tag="115" ind1=" " ind2=" ">
						<mxc:subfield code="a">c   baiz|||||||bk||c</mxc:subfield>
					</mxc:datafield>
					<mxc:datafield tag="126" ind1=" " ind2=" ">
						<mxc:subfield code="a">aguxhxx||||||cd</mxc:subfield>
						<mxc:subfield code="b">bex</mxc:subfield>
					</mxc:datafield>
					<mxc:datafield tag="181" ind1=" " ind2="0">
						<mxc:subfield code="6">01</mxc:subfield>
						<mxc:subfield code="a">i </mxc:subfield>
						<mxc:subfield code="b">xxxe  </mxc:subfield>
					</mxc:datafield>
					<mxc:datafield tag="181" ind1=" " ind2=" ">
						<mxc:subfield code="6">02</mxc:subfield>
						<mxc:subfield code="c">txt</mxc:subfield>
						<mxc:subfield code="2">rdacontent</mxc:subfield>
					</mxc:datafield>
					<mxc:datafield tag="181" ind1=" " ind2="0">
						<mxc:subfield code="6">03</mxc:subfield>
						<mxc:subfield code="a">d </mxc:subfield>
						<mxc:subfield code="b">bxxa  </mxc:subfield>
					</mxc:datafield>
					<mxc:datafield tag="181" ind1=" " ind2=" ">
						<mxc:subfield code="6">04</mxc:subfield>
						<mxc:subfield code="c">prm</mxc:subfield>
						<mxc:subfield code="2">rdacontent</mxc:subfield>
					</mxc:datafield>
					<mxc:datafield tag="181" ind1=" " ind2="0">
						<mxc:subfield code="6">05</mxc:subfield>
						<mxc:subfield code="a">b </mxc:subfield>
						<mxc:subfield code="b">xa2e  </mxc:subfield>
					</mxc:datafield>
					<mxc:datafield tag="181" ind1=" " ind2=" ">
						<mxc:subfield code="6">06</mxc:subfield>
						<mxc:subfield code="c">tdi</mxc:subfield>
						<mxc:subfield code="2">rdacontent</mxc:subfield>
					</mxc:datafield>
					<mxc:datafield tag="182" ind1=" " ind2="0">
						<mxc:subfield code="6">01</mxc:subfield>
						<mxc:subfield code="a">n</mxc:subfield>
					</mxc:datafield>
					<mxc:datafield tag="182" ind1=" " ind2=" ">
						<mxc:subfield code="6">02</mxc:subfield>
						<mxc:subfield code="c">n</mxc:subfield>
						<mxc:subfield code="2">rdamedia</mxc:subfield>
					</mxc:datafield>
					<mxc:datafield tag="182" ind1=" " ind2="0">
						<mxc:subfield code="6">03</mxc:subfield>
						<mxc:subfield code="a">a</mxc:subfield>
					</mxc:datafield>
					<mxc:datafield tag="182" ind1=" " ind2=" ">
						<mxc:subfield code="6">04</mxc:subfield>
						<mxc:subfield code="c">s</mxc:subfield>
						<mxc:subfield code="2">rdamedia</mxc:subfield>
					</mxc:datafield>
					<mxc:datafield tag="182" ind1=" " ind2="0">
						<mxc:subfield code="6">05</mxc:subfield>
						<mxc:subfield code="a">g</mxc:subfield>
					</mxc:datafield>
					<mxc:datafield tag="182" ind1=" " ind2=" ">
						<mxc:subfield code="6">06</mxc:subfield>
						<mxc:subfield code="c">v</mxc:subfield>
						<mxc:subfield code="2">rdamedia</mxc:subfield>
					</mxc:datafield>
					<mxc:datafield tag="200" ind1="1" ind2=" ">
						<mxc:subfield code="a">The chronicles of Narnia</mxc:subfield>
						<mxc:subfield code="b">Multimédia multisupport</mxc:subfield>
						<mxc:subfield code="e">the lion, the witch and the wardrobe</mxc:subfield>
						<mxc:subfield code="f">music composed by Harry Gregson-Williams</mxc:subfield>
					</mxc:datafield>
					<mxc:datafield tag="205" ind1=" " ind2=" ">
						<mxc:subfield code="a">Collector's ed.</mxc:subfield>
					</mxc:datafield>
					<mxc:datafield tag="210" ind1=" " ind2=" ">
						<mxc:subfield code="a">[Europe]</mxc:subfield>
						<mxc:subfield code="c">EMI music</mxc:subfield>
						<mxc:subfield code="d">cop. 2005</mxc:subfield>
					</mxc:datafield>
					<mxc:datafield tag="215" ind1=" " ind2=" ">
						<mxc:subfield code="a">1 fasc. (non paginé [34] p.)</mxc:subfield>
						<mxc:subfield code="c">ill. en coul., couv. ill. en coul.</mxc:subfield>
						<mxc:subfield code="d">12 cm</mxc:subfield>
					</mxc:datafield>
					<mxc:datafield tag="215" ind1=" " ind2=" ">
						<mxc:subfield code="a">1 disque compact</mxc:subfield>
					</mxc:datafield>
					<mxc:datafield tag="215" ind1=" " ind2=" ">
						<mxc:subfield code="a">1 DVD vidéo monoface simple couche zone 2</mxc:subfield>
						<mxc:subfield code="c">coul. (PAL), son.</mxc:subfield>
					</mxc:datafield>
					<mxc:datafield tag="304" ind1=" " ind2=" ">
						<mxc:subfield code="a">Mention parallèle de titre ou de responsabilité : Le monde de Narnia : le lion, la sorcière blanche et l'armoire magique</mxc:subfield>
					</mxc:datafield>
					<mxc:datafield tag="327" ind1="1" ind2=" ">
						<mxc:subfield code="a">Behind the magic of Narnia (DVD vidéo)</mxc:subfield>
					</mxc:datafield>
					<mxc:datafield tag="463" ind1=" " ind2="0">
						<mxc:subfield code="t">Behind the magic of Narnia</mxc:subfield>
					</mxc:datafield>
					<mxc:datafield tag="510" ind1="1" ind2=" ">
						<mxc:subfield code="a">Le monde de Narnia</mxc:subfield>
						<mxc:subfield code="e">le lion, la sorcière blanche et l'armoire magique</mxc:subfield>
						<mxc:subfield code="z">fre</mxc:subfield>
					</mxc:datafield>
					<mxc:datafield tag="517" ind1="1" ind2=" ">
						<mxc:subfield code="a">Narnia</mxc:subfield>
					</mxc:datafield>
					<mxc:datafield tag="608" ind1=" " ind2=" ">
						<mxc:subfield code="a">musique de film</mxc:subfield>
						<mxc:subfield code="2">frTAV</mxc:subfield>
					</mxc:datafield>
					<mxc:datafield tag="608" ind1=" " ind2=" ">
						<mxc:subfield code="a">musique (divers)</mxc:subfield>
						<mxc:subfield code="2">frTAV</mxc:subfield>
					</mxc:datafield>
					<mxc:datafield tag="608" ind1=" " ind2=" ">
						<mxc:subfield code="a">édition commerciale</mxc:subfield>
						<mxc:subfield code="2">frTAV</mxc:subfield>
					</mxc:datafield>
					<mxc:datafield tag="608" ind1=" " ind2=" ">
						<mxc:subfield code="a">bande originale de film</mxc:subfield>
						<mxc:subfield code="2">frTAV</mxc:subfield>
					</mxc:datafield>
					<mxc:datafield tag="686" ind1=" " ind2=" ">
						<mxc:subfield code="a">407</mxc:subfield>
						<mxc:subfield code="2">Cadre de classement de la Bibliographie nationale française</mxc:subfield>
					</mxc:datafield>
					<mxc:datafield tag="700" ind1=" " ind2="|">
						<mxc:subfield code="3">14025652</mxc:subfield>
						<mxc:subfield code="o">ISNI0000000121422075</mxc:subfield>
						<mxc:subfield code="a">Gregson-Williams</mxc:subfield>
						<mxc:subfield code="b">Harry</mxc:subfield>
						<mxc:subfield code="f">1961-....</mxc:subfield>
						<mxc:subfield code="4">230</mxc:subfield>
					</mxc:datafield>
					<mxc:datafield tag="801" ind1=" " ind2="0">
						<mxc:subfield code="a">FR</mxc:subfield>
						<mxc:subfield code="b">FR-751131015</mxc:subfield>
						<mxc:subfield code="c">20051114</mxc:subfield>
						<mxc:subfield code="g">AFNOR</mxc:subfield>
						<mxc:subfield code="h">FRBNF400693580000003</mxc:subfield>
						<mxc:subfield code="2">intermrc</mxc:subfield>
					</mxc:datafield>
					<mxc:datafield tag="930" ind1=" " ind2=" ">
						<mxc:subfield code="5">FR-759999999:40069358001001</mxc:subfield>
						<mxc:subfield code="a">8 MU-28869</mxc:subfield>
						<mxc:subfield code="b">759999999</mxc:subfield>
						<mxc:subfield code="c">Tolbiac - Rez de Jardin - Audiovisuel - Magasin</mxc:subfield>
						<mxc:subfield code="d">O</mxc:subfield>
					</mxc:datafield>
				</mxc:record>
			</srw:recordData>
			<srw:recordIdentifier>ark:/12148/cb400693581</srw:recordIdentifier>
			<srw:recordPosition>3</srw:recordPosition>
			<srw:extraRecordData>
				<ixm:attr name="CreationDate">20051114</ixm:attr>
				<ixm:attr name="LastModificationDate">20051215</ixm:attr>
				<mn:score>14.592893</mn:score>
			</srw:extraRecordData>
		</srw:record>