
		<srw:record>
			<srw:recordSchema>marcxchange</srw:recordSchema>
			<srw:recordPacking>xml</srw:recordPacking>
			<srw:recordData>
				<mxc:record xmlns:mxc="info:lc/xmlns/marcxchange-v2" format="UNIMARC" id="ark:/12148/cb43488086q" type="Bibliographic">
					<mxc:leader>     nam  22        450 </mxc:leader>
					<mxc:controlfield tag="001">FRBNF434880860000000</mxc:controlfield>
					<mxc:controlfield tag="003">http://catalogue.bnf.fr/ark:/12148/cb43488086q</mxc:controlfield>
					<mxc:datafield tag="010" ind1=" " ind2=" ">
						<mxc:subfield code="a">978-0-230-30124-5</mxc:subfield>
					</mxc:datafield>
					<mxc:datafield tag="039" ind1=" " ind2=" ">
						<mxc:subfield code="o">ALS</mxc:subfield>
						<mxc:subfield code="a">1844696</mxc:subfield>
					</mxc:datafield>
					<mxc:datafield tag="100" ind1=" " ind2=" ">
						<mxc:subfield code="a">20132405d2012    m  y0engy50      ba</mxc:subfield>
					</mxc:datafield>
					<mxc:datafield tag="101" ind1="0" ind2=" ">
						<mxc:subfield code="a">eng</mxc:subfield>
					</mxc:datafield>
					<mxc:datafield tag="102" ind1=" " ind2=" ">
						<mxc:subfield code="a">US</mxc:subfield>
					</mxc:datafield>
					<mxc:datafield tag="105" ind1=" " ind2=" ">
						<mxc:subfield code="a">||||z   00|||</mxc:subfield>
					</mxc:datafield>
					<mxc:datafield tag="106" ind1=" " ind2=" ">
						<mxc:subfield code="a">r</mxc:subfield>
					</mxc:datafield>
					<mxc:datafield tag="181" ind1=" " ind2="0">
						<mxc:subfield code="6">01</mxc:subfield>
						<mxc:subfield code="a">i </mxc:subfield>
						<mxc:subfield code="b">xxxe  </mxc:subfield>
					</mxc:datafield>
					<mxc:datafield tag="181" ind1=" " ind2=" ">
						<mxc:subfield code="6">02</mxc:subfield>
						<mxc:subfield code="c">txt</mxc:subfield>
						<mxc:subfield code="2">rdacontent</mxc:subfield>
					</mxc:datafield>
					<mxc:datafield tag="182" ind1=" " ind2="0">
						<mxc:subfield code="6">01</mxc:subfield>
						<mxc:subfield code="a">n</mxc:subfield>
					</mxc:datafield>
					<mxc:datafield tag="182" ind1=" " ind2=" ">
						<mxc:subfield code="6">02</mxc:subfield>
						<mxc:subfield code="c">n</mxc:subfield>
						<mxc:subfield code="2">rdamedia</mxc:subfield>
					</mxc:datafield>
					<mxc:datafield tag="200" ind1="1" ind2=" ">
						<mxc:subfield code="a">C.S. Lewis</mxc:subfield>
						<mxc:subfield code="b">Texte imprimé</mxc:subfield>
						<mxc:subfield code="e">The chronicles of Narnia</mxc:subfield>
						<mxc:subfield code="f">edited by Michelle Ann Abate &amp; Lance Weldy</mxc:subfield>
					</mxc:datafield>
					<mxc:datafield tag="210" ind1=" " ind2=" ">
						<mxc:subfield code="a">Basingstoke</mxc:subfield>
						<mxc:subfield code="a">New York</mxc:subfield>
						<mxc:subfield code="c">Palgrave Macmillan</mxc:subfield>
						<mxc:subfield code="d">2012</mxc:subfield>
					</mxc:datafield>
					<mxc:datafield tag="215" ind1=" " ind2=" ">
						<mxc:subfield code="a">xiii, 210 p.</mxc:subfield>
						<mxc:subfield code="d">23 cm.</mxc:subfield>
					</mxc:datafield>
					<mxc:datafield tag="225" ind1="1" ind2=" ">
						<mxc:subfield code="a">New casebooks</mxc:subfield>
					</mxc:datafield>
					<mxc:datafield tag="300" ind1=" " ind2=" ">
						<mxc:subfield code="a">Includes bibliographical references and index.</mxc:subfield>
					</mxc:datafield>
					<mxc:datafield tag="312" ind1=" " ind2=" ">
						<mxc:subfield code="a">Autre forme de titre : Chronicles of Narnia</mxc:subfield>
					</mxc:datafield>
					<mxc:datafield tag="327" ind1="1" ind2=" ">
						<mxc:subfield code="a">Machine generated contents note: -- List of Contributors -- Introduction; M.A.Abate -- PART I: TEXTS AND CONTEXTS -- Collective Violence and Scapegoating in The Lion, the Witch and the Wardrobe; M.Green -- Turkish Delights and Sardines with Tea: Food in The Lion, the Witch, and the Wardrobe; R.Towns -- Elements of Arthur in Lewis's Caspian Trilogy; M.Corpora -- PART II: APPLICATIONS AND IMPLICATIONS -- 'All That Rot': Picturing Education in C. S. Lewis' Chronicles of Narnia; K.Dorwick -- War and the Liminal Space: Situating The Chronicles of Narnia in the 20th Century Narrative of Trauma and Survival; N.Lewis -- C. S. Lewis's Manifold Mythopoeics: Towards a Reconsideration of Eschatological Time in the Construction of the Post-World Wars Fantasy Novel for Children; J.M.Sommers -- PART III: ADAPTATIONS AND MEDIATIONS -- The Author, the Movie, and the Marketing: The Lion, The Witch and the Wardrobe and Early Reader Adaptations; R.Brock-Servias -- Textual Evolution(s) of Prince Caspian; L.Weldy -- Narnia Fans, Narnia Fan Cultures: C. S. Lewis and Digital New Media; N.Hamer -- PART IV: CONFLICTS AND CONTROVERSY -- Lewis and anti-Lewis: The Narnia Chronicles and Philip Pullman's His Dark Materials Trilogy; G.Bar-Hillel -- Dark Queen, Mixed-Race Kings, and Girls Whose Heads Have Something in Them: Lewis's Contemporary Stance on Race and Gender in The Chronicles of Narnia; D.Brown -- Boy-Girls and Girl-Beasts: The Gender Paradox in C.S. Lewis' Chronicles of Narnia; S.Rodriguez -- Annotated Bibliography -- Index.</mxc:subfield>
					</mxc:datafield>
					<mxc:datafield tag="517" ind1="1" ind2=" ">
						<mxc:subfield code="a">Chronicles of Narnia</mxc:subfield>
					</mxc:datafield>
					<mxc:datafield tag="608" ind1=" " ind2=" ">
						<mxc:subfield code="a">Ouvrages de référence</mxc:subfield>
						<mxc:subfield code="2">CNLJ</mxc:subfield>
						<mxc:subfield code="k">Avis critique donné par le Centre national de la littérature pour la jeunesse</mxc:subfield>
					</mxc:datafield>
					<mxc:datafield tag="610" ind1="0" ind2=" ">
						<mxc:subfield code="a">Lewis, C. S. (1898-1963.) -- Critique et interprétation</mxc:subfield>
					</mxc:datafield>
					<mxc:datafield tag="702" ind1=" " ind2="|">
						<mxc:subfield code="3">15975161</mxc:subfield>
						<mxc:subfield code="o">ISNI0000000118752372</mxc:subfield>
						<mxc:subfield code="a">Abate</mxc:subfield>
						<mxc:subfield code="b">Michelle Ann</mxc:subfield>
						<mxc:subfield code="4">570</mxc:subfield>
					</mxc:datafield>
					<mxc:datafield tag="702" ind1=" " ind2="|">
						<mxc:subfield code="3">15545495</mxc:subfield>
						<mxc:subfield code="o">ISNI0000000122846187</mxc:subfield>
						<mxc:subfield code="a">Weldy</mxc:subfield>
						<mxc:subfield code="b">Lance</mxc:subfield>
						<mxc:subfield code="4">070</mxc:subfield>
					</mxc:datafield>
					<mxc:datafield tag="801" ind1=" " ind2="0">
						<mxc:subfield code="c">20132405</mxc:subfield>
					</mxc:datafield>
					<mxc:datafield tag="930" ind1=" " ind2=" ">
						<mxc:subfield code="5">FR-751131010:43488086001001</mxc:subfield>
						<mxc:subfield code="a">8-CNLJ-11368</mxc:subfield>
						<mxc:subfield code="b">759999999</mxc:subfield>
						<mxc:subfield code="c">Tolbiac - Rez de Jardin - Littérature et art - Magasin</mxc:subfield>
						<mxc:subfield code="d">O</mxc:subfield>
					</mxc:datafield>
				</mxc:record>
			</srw:recordData>
			<srw:recordIdentifier>ark:/12148/cb43488086q</srw:recordIdentifier>
			<srw:recordPosition>4</srw:recordPosition>
			<srw:extraRecordData>
				<ixm:attr name="CreationDate">20140820</ixm:attr>
				<ixm:attr name="LastModificationDate">20190301</ixm:attr>
				<mn:score>12.910912</mn:score>
			</srw:extraRecordData>
		</srw:record>
	</srw:records>
</srw:searchRetrieveResponse>